<mx:record xmlns="http://www.w3.org/TR/xhtml1/strict" xmlns:mx="http://www.loc.gov/MARC21/slim" xmlns:xsi="http://www.w3.org/2001/XMLSchema-instance"><mx:leader>00000cz   2200000n  4500</mx:leader><mx:controlfield tag="001">oca00391105 </mx:controlfield><mx:controlfield tag="005">20021106155640.0</mx:controlfield><mx:controlfield tag="008">800320n| acannaab           |a aaa      </mx:controlfield><mx:datafield ind1=" " ind2=" " tag="010"><mx:subfield code="a">n  80008547 </mx:subfield></mx:datafield><mx:datafield ind1=" " ind2=" " tag="040"><mx:subfield code="a">DLC</mx:subfield><mx:subfield code="c">DLC</mx:subfield><mx:subfield code="d">DLC</mx:subfield></mx:datafield><mx:datafield ind1="1" ind2=" " tag="100"><mx:subfield code="a">Comnena, Anna,</mx:subfield><mx:subfield code="d">b. 1083</mx:subfield></mx:datafield><mx:datafield ind1="0" ind2=" " tag="400"><mx:subfield code="a">Anna Comnena,</mx:subfield><mx:subfield code="d">b. 1083</mx:subfield></mx:datafield><mx:datafield ind1="0" ind2=" " tag="400"><mx:subfield code="a">Anne Comnena,</mx:subfield><mx:subfield code="d">b. 1083</mx:subfield></mx:datafield><mx:datafield ind1="0" ind2=" " tag="400"><mx:subfield code="a">Anna Komnena,</mx:subfield><mx:subfield code="d">b. 1083</mx:subfield></mx:datafield><mx:datafield ind1="1" ind2=" " tag="400"><mx:subfield code="a">Komnena, Anna,</mx:subfield><mx:subfield code="d">b. 1083</mx:subfield></mx:datafield><mx:datafield ind1="1" ind2=" " tag="400"><mx:subfield code="a">Komnina Anna,</mx:subfield><mx:subfield code="d">b. 1083</mx:subfield></mx:datafield><mx:datafield ind1="1" ind2=" " tag="400"><mx:subfield code="a">Comnène, Anne,</mx:subfield><mx:subfield code="d">b. 1083</mx:subfield></mx:datafield><mx:datafield ind1="1" ind2=" " tag="400"><mx:subfield code="a">Komnēnē, Anna,</mx:subfield><mx:subfield code="d">b. 1083</mx:subfield></mx:datafield><mx:datafield ind1=" " ind2=" " tag="670"><mx:subfield code="a">Skoulatos, B. Les personnages byzantins de l'Alexiade, 1980:</mx:subfield><mx:subfield code="b">p. vii (Anne Comnène)</mx:subfield></mx:datafield><mx:datafield ind1=" " ind2=" " tag="670"><mx:subfield code="a">Anna Comnena, 1998:</mx:subfield><mx:subfield code="b">p. 26 (b. Dec. 2, 1083) p. 4 of cover (d. ca. 1148/1153)</mx:subfield></mx:datafield><mx:datafield ind1=" " ind2=" " tag="670"><mx:subfield code="a">Her Alexias, 1990- :</mx:subfield><mx:subfield code="b">v. 1, t.p. (Anna Komnēnē)</mx:subfield></mx:datafield><mx:datafield ind1=" " ind2=" " tag="999"><mx:subfield code="a">10390.1346</mx:subfield></mx:datafield></mx:record>